<record><leader>00000cas a2200000 a 4500</leader><controlfield tag="001">11162561</controlfield><controlfield tag="008">840917d18871888ksuwr ne      0   a0eng d</controlfield><controlfield tag="009">3789</controlfield><datafield ind1=" " ind2=" " tag="010"><subfield code="a">sn 84029755 </subfield></datafield><datafield ind1=" " ind2=" " tag="040"><subfield code="a">KSH</subfield><subfield code="b">eng</subfield><subfield code="c">KSH</subfield><subfield code="d">NPT</subfield><subfield code="d">OCL</subfield></datafield><datafield ind1=" " ind2=" " tag="042"><subfield code="a">msc</subfield></datafield><datafield ind1="0" ind2="4" tag="245"><subfield code="a">The Ravanna enquirer.</subfield></datafield><datafield ind1=" " ind2=" " tag="260"><subfield code="a">Ravanna, Kan. :</subfield><subfield code="b">Will F. Ellsworth,</subfield><subfield code="c">1887-</subfield></datafield><datafield ind1=" " ind2=" " tag="300"><subfield code="a">v. ;</subfield><subfield code="c">55 cm.</subfield></datafield><datafield ind1=" " ind2=" " tag="310"><subfield code="a">Weekly</subfield></datafield><datafield ind1="0" ind2=" " tag="362"><subfield code="a">Vol. 1, no. 1 (Dec. 9, 1887)-</subfield></datafield><datafield ind1="1" ind2=" " tag="362"><subfield code="a">Ceased with Sept. 5, 1888 issue?</subfield></datafield><datafield ind1=" " ind2=" " tag="500"><subfield code="a">Published by W.R. Benton, July 4, 1888- .</subfield></datafield><datafield ind1=" " ind2=" " tag="500"><subfield code="a">"Republican."</subfield></datafield><datafield ind1=" " ind2=" " tag="752"><subfield code="a">United States</subfield><subfield code="b">Kansas</subfield><subfield code="c">Garfield</subfield><subfield code="d">Ravanna.</subfield></datafield><datafield ind1="0" ind2="0" tag="780"><subfield code="t">Essex sunbeam</subfield><subfield code="w">(DLC)sn 84029754</subfield></datafield></record>